@book{penrose2015nueva,
  title={La nueva mente del emperador},
  author={Penrose, Roger},
  year={2015},
  publisher={DEBOLS! LLO}
}

@book{shelley2006frankenstein,
	title={Frankenstein o el Prometeo moderno},
	author={Shelley, Mary Wollstonecraft},
	year={2006},
	publisher={Ediciones Colihue SRL}
}

@book{du2019creativity,
	title={The creativity code},
	author={Du Sautoy, Marcus},
	year={2019},
	publisher={Harvard University Press}
}

@article{nidditch1975john,
	title={John Locke: An essay concerning human understanding},
	author={Locke, John and Nidditch, Peter H},
	year={1975}
}

@misc{rodriguez2003problema,
	title={El problema de la identidad personal. Más que fragmentos},
	author={Rodríguez González, Mariano},
	year={2003},
	publisher={Madrid, Biblioteca Nueva}
}


@article{jjr,
	author = {Jonathan Jones},
	title = {The digital Rembrandt: a new way to mock art, made by fools},
	journaltitle = {The Guardian},
	date = {2016},
}


@article{del2l,
	author = {Álvaro de Cózar},
	title = {Delitos reales de seres virtuales},
	journaltitle = {EL PAÍS},
	date = {2007},
}


@article{del2l2,
	author = {El País Tecnología},
	title = {Policías y leyes propias para Second Life},
	journaltitle = {EL PAÍS},
	date = {2006},
}


@online{ucm,
	author = {Universidad Complutense de Madrid},
	title = {¿Actividad subconsciente? Algunos testimonios},
	url =
	{http://www.mat.ucm.es/cosasmdg/cdsmdg/04vida/gocesesteticos/seminarioestrategiasppm/parapensarmejor/subconscientetestimonios.htm}
}


@book{poincare2018invencion,
	title={La invención matemática: cómo se inventa: el trabajo del inconsciente},
	author={Poincaré, Henri},
	year={2018},
	publisher={KRK Ediciones}
}

@book{van2003letters,
	title={The letters of Vincent van Gogh},
	author={Van Gogh, Vincent},
	year={2003},
	publisher={Penguin UK}
}


@misc{apunted,
	title = {Apuntes de  Seguridad, privacidad y aspectos legales},
	year = {2022},
	author = {López García, Álvaro and Orviz Fernándex, Pablo and Rodríuez Gonzáles, David and Sáinz-Pardo Días, Judith}
	
}
